fiscalDateEnding,reportedCurrency,grossProfit,totalRevenue,costOfRevenue,costofGoodsAndServicesSold,operatingIncome,sellingGeneralAndAdministrative,researchAndDevelopment,operatingExpenses,investmentIncomeNet,netInterestIncome,interestIncome,interestExpense,nonInterestIncome,otherNonOperatingIncome,depreciation,depreciationAndAmortization,incomeBeforeTax,incomeTaxExpense,interestAndDebtExpense,netIncomeFromContinuingOperations,comprehensiveIncomeNetOfTax,ebit,ebitda,netIncome
2023-09-30,BRL,4914300000,4914300000,3215000000,3215000000,957400000,205300000,None,3956800000,None,-1290500000,39400000,1329900000,None,None,None,None,-1075000000,None,None,-1075000000,None,671828000,957400000,-1075000000
2023-06-30,BRL,1160900000,4269400000,3108500000,3108500000,591900000,82160000,None,569000000,None,-1084000000,51000000,1135000000,None,None,None,627200000,497900000,1135000000,None,497900000,None,642900000,1270100000,497900000
2023-03-31,BRL,999900000,4453400000,3453500000,3453500000,524700000,15212000,None,475200000,None,-1142200000,53500000,1248400000,None,None,None,659200000,231200000,293500000,None,-322200000,None,524700000,1183900000,-62300000
2022-12-31,BRL,999900000,4453400000,3453500000,3453500000,524700000,217400000,None,475200000,None,-1162300000,86100000,1248400000,None,None,None,659200000,231200000,293500000,None,231200000,None,524700000,1183900000,-62300000
2022-09-30,BRL,869700000,4376800000,3507100000,3507100000,403800000,196900000,None,466000000,None,-1170900000,100200000,1271100000,None,None,None,621500000,-1645000000,2048700000,None,-1645000000,None,403800000,1025300000,-3693700000
2022-06-30,BRL,754000000,3924700000,3170700000,3170700000,136500000,157800000,None,617700000,None,-1027500000,42100000,1069600000,None,None,None,520200000,-2624600000,2760900000,None,-2624600000,None,136500000,656700000,-5385500000
2022-03-31,BRL,1102800000,3729800000,2627000000,2627000000,524900000,126900000,None,577900000,None,-920200000,48900000,1015000000,None,None,None,502000000,-945700000,3633200000,None,2658800000,None,588500000,1090500000,-945700000
2021-12-31,BRL,1102800000,3729800000,2627000000,2627000000,524900000,404100000,None,577900000,None,-3478900000,154300000,1015000000,None,None,None,502000000,-945700000,3633200000,None,-4767700000,None,588500000,1090500000,-945700000
2021-09-30,BRL,606900000,2717800000,2110900000,2110900000,136300000,86500000,None,470500000,None,-900800000,33600000,934400000,None,None,None,349300000,-2243700000,932900000,None,-2243700000,None,168500000,517800000,-2243700000
2021-06-30,BRL,-37700000,1702300000,1740000000,1740000000,-400200000,74400000,None,362500000,None,-794000000,30500000,824500000,None,None,None,349300000,1073200000,823200000,None,1073200000,None,-371000000,-21700000,1073200000
2021-03-31,BRL,232900000,1783700000,1550800000,1550800000,-143200000,86070000,None,376000000,None,-889803000,18026000,852800000,None,None,None,383000000,538200000,-5200000,None,-2786626000,None,-66200000,316800000,543400000
2020-12-31,BRL,232900000,1783700000,1550800000,1550800000,-143200000,103800000,None,376000000,None,-838400000,14400000,852800000,None,None,None,383000000,538200000,-5200000,None,543400000,None,-66200000,316800000,543400000
2020-09-30,BRL,-407900000,805300000,1213200000,1213200000,-247700000,264156000,None,-160300000,None,-563400000,12300000,575700000,None,None,None,445900000,-1204000000,22400000,None,-1226400000,None,-154400000,291500000,-1226300000
2020-06-30,BRL,-546000000,401600000,947600000,947600000,-820200000,56400000,None,274300000,None,-582200000,20800000,603000000,None,None,None,495900000,-2946400000,-9600000,None,-2936800000,None,-1038400000,-542500000,-2936800000
2020-03-31,BRL,1077800000,3251900000,2174100000,2174100000,782800000,109400000,None,295000000,None,-425600000,12900000,409800000,None,None,None,22300000,853100000,-19700000,None,-6135800000,None,782800000,805100000,872800000
2019-12-31,BRL,1077800000,3251900000,2174100000,2174100000,782800000,123279000,0,295000000,None,-446353000,46538000,409800000,None,0,None,22300000,853100000,-19700000,None,-2448286000,None,782800000,805100000,872800000
2019-09-30,BRL,933500000,3030800000,2097300000,2097300000,559300000,120400000,0,374100000,None,-284400000,20100000,304500000,None,0,None,45000000,-444300000,-6400000,None,-437900000,None,559300000,604300000,-438000000
2019-06-30,BRL,707800000,2617700000,1909900000,1909900000,350100000,108900000,0,357700000,None,-292500000,20600000,313100000,None,0,None,391600000,305500000,-46100000,None,351600000,None,372600000,764200000,351600000
2019-03-31,BRL,569200000,2480500000,1911300000,1911300000,282900000,549100000,0,286100000,None,-250800000,283000000,121700000,None,0,None,-171450000,175500000,37400000,None,137700000,None,527850000,356400000,138200000
2018-12-31,BRL,569200000,2480500000,1911300000,1911300000,282900000,104717000,0,286100000,None,None,None,121700000,None,0,None,-171450000,175500000,37400000,None,2363083.01,None,527850000,356400000,138200000
2018-09-30,BRL,398000000,2441600000,2043600000,2043600000,174100000,24918742.69,0,224000000,None,None,None,106000000,None,0,None,87600000,175600000,59000000,None,29010975.34,None,192100000,279700000,116600000
2018-06-30,BRL,274400000,2017900000,1743500000,1743500000,-207500000,19821620.24,0,481900000,None,None,None,93100000,None,0,None,134100000,-19100000,25900000,None,-11501661.13,None,-207500000,-73400000,-45000000
2018-03-31,BRL,574700000,2194300000,1619600000,1619600000,305600000,25489248.61,0,269000000,None,None,None,105600000,None,None,None,53200000,378000000,74300000,None,63602319.40,None,427800000,481000000,303700000
2017-12-31,BRL,574700000,2194300000,1619600000,1619600000,305600000,183568000,0,269000000,None,None,None,105600000,None,None,None,53200000,378000000,74300000,None,201816000,None,427800000,481000000,303700000
2017-09-30,BRL,460300000,1998200000,1537900000,1537900000,249300000,125972000,0,210900000,None,None,None,141200000,None,None,None,89400000,203900000,-200000,None,471764000,None,218900000,308300000,204000000
2017-06-30,BRL,296348000,1723256000,1426908000,1426908000,104928000,25194000,0,191420000,None,None,None,116025000,None,None,None,80576000,-44483000,-10536000,None,-199838000,None,37477000,118053000,-33947000
2017-03-31,BRL,415900000,1873800000,1457900000,1457900000,205200000,33866000,0,210700000,None,None,None,139300000,None,None,None,76600000,60500000,5200000,None,55297000,None,148400000,225000000,55300000
2016-12-31,BRL,377600000,1820600000,1443000000,1443000000,170000000,209429000,0,207700000,None,None,None,139400000,None,None,None,75300000,112300000,61000000,None,-135760000,None,204100000,279400000,51300000
2016-09-30,BRL,327000000,1736800000,1409800000,1409800000,166000000,66774000,0,160900000,None,None,None,200500000,None,None,None,80500000,14900000,5500000,None,9446000,None,142200000,222700000,9400000
2016-06-30,BRL,179931000,1443949000,1264018000,1264018000,1317000,0,0,178614000,None,None,None,145956000,None,None,None,76611000,-42084000,78051000,None,0,None,-65495000,11116000,-120135000
2016-03-31,BRL,192300000,1668500000,1476200000,1476200000,7000000,0,0,185500000,None,None,None,215300000,None,None,None,68800000,-67500000,-500000,None,0,None,-53700000,15100000,-66900000
2015-12-31,BRL,792383000,421196000,1481124000,1481124000,-247913000,105709000,0,6505779000,None,None,None,47318000,None,None,None,None,-1077425000,192000,None,-1074905000,None,-247913000,None,-1074905000
2015-09-30,BRL,0,209654000,0,0,0,0,0,0,None,None,None,29926000,None,None,None,None,0,31000,None,0,None,0,None,0
2015-06-30,BRL,0,460908000,0,0,0,0,0,0,None,None,None,59320000,None,None,None,None,0,0,None,0,None,0,None,0
2015-03-31,BRL,0,488791000,0,0,0,0,0,0,None,None,None,36678000,None,None,None,None,0,0,None,0,None,0,None,0
2014-12-31,BRL,303301000,1559169000,1255868000,1255868000,146047000,59198000,0,157254000,None,None,None,72623000,None,None,None,46543000,-19921000,-18049000,None,-65040000,None,92734000,139277000,-1872000
2014-09-30,BRL,295169000,1469917000,1174748000,1174748000,123102000,None,None,172067000,None,None,None,121256000,None,None,None,9508000,-26521000,-1420000,None,None,None,123102000,132610000,-25101000
2014-06-30,USD,311538000,1374043000,1062505000,1062505000,93541000,None,None,202143000,None,None,None,None,None,None,None,50885000,18240000,1680000,None,None,None,93541000,144426000,19920000
2014-03-31,USD,306367000,1386983500,1080616500,1080616500,89988500,None,None,231660000,None,None,None,None,None,None,None,50885000,-20511000,1477500,None,None,None,89988500,140873500,-19033500
2013-12-31,BRL,300278000,1404745000,1104467000,1104467000,139877000,207759000,0,160401000,None,None,None,31350000,None,None,None,52364000,63852000,22935000,None,20711000,None,131783000,184147000,40917000
2013-09-30,BRL,302769000,1387147000,1084378000,1084378000,136213000,None,None,166556000,None,None,None,81826000,None,None,None,51704000,109608000,15691000,None,None,None,151500000,203204000,93917000
2013-06-30,BRL,253456000,1197652000,944196000,944196000,63406000,78839000,0,270373000,None,None,None,0,None,None,None,49515000,-130788999,13935000,None,0,None,63406000,112921000,-144724000
2013-03-31,BRL,288079000,1244611000,956532000,956532000,128746000,78839000,0,159333000,None,None,None,89915000,None,None,None,46484000,53512000,22912000,None,0,None,85558000,132042000,30600000
2012-03-31,BRL,106265000,605889000,499624000,499624000,36054000,38567000,None,70211000,None,None,None,35940000,None,None,None,27031000,-2564000,8909000,None,None,None,11902000,38933000,-2564000
2011-12-31,BRL,None,924049000,737643000,737643000,13472000,125937000,None,None,None,None,None,49134000,None,None,None,None,None,None,None,None,None,None,None,None
