fiscalDateEnding,reportedCurrency,grossProfit,totalRevenue,costOfRevenue,costofGoodsAndServicesSold,operatingIncome,sellingGeneralAndAdministrative,researchAndDevelopment,operatingExpenses,investmentIncomeNet,netInterestIncome,interestIncome,interestExpense,nonInterestIncome,otherNonOperatingIncome,depreciation,depreciationAndAmortization,incomeBeforeTax,incomeTaxExpense,interestAndDebtExpense,netIncomeFromContinuingOperations,comprehensiveIncomeNetOfTax,ebit,ebitda,netIncome
2023-09-30,BRL,1548505000,4665446000,3116941000,3116941000,680699000,489962000,None,766687000,None,-1119340000,1746765000,974984000,None,None,None,424995000,-1255557000,44810000,None,-1300367000,None,680699000,1105694000,-1300367000
2023-06-30,BRL,1144985000,4145926000,3000941000,3000941000,86854000,514058000,None,884438000,None,-998425000,287183000,752405000,None,None,None,410069000,534599000,-21690000,None,556289000,None,86854000,496923000,556289000
2023-03-31,BRL,1406282000,4920195000,3513913000,3513913000,796495000,378357000,None,609787000,None,-715950000,125295000,728457000,None,None,None,409255000,637183000,17658000,None,619525000,None,796495000,1205750000,619525000
2022-12-31,BRL,1258199000,4726612000,3468413000,3468413000,277384000,567057000,None,493984000,None,-1085174000,56664000,731396000,None,None,None,461821000,250010000,19100000,None,230910000,None,277384000,739205000,230910000
2022-09-30,BRL,760727000,4009606000,3248879000,3248879000,-36837000,324823000,None,797564000,None,-836769000,1358111000,673613000,None,None,None,-23425000,-1537215000,11654000,None,-1548869000,None,-36837000,-60262000,-1548869000
2022-06-30,BRL,523897000,3242055000,2718158000,2718158000,-412329000,284117000,None,715811000,None,-778963000,2548890000,597574000,None,None,None,427249000,-2968475000,-117376000,None,-2851099000,None,-412329000,14920000,-2851099000
2022-03-31,BRL,606951000,3220452000,2613501000,2613501000,-64891000,339514000,None,585301000,None,-750986000,2886729000,608954000,None,None,None,397549000,2738005000,130420000,None,2607585000,None,-64891000,332658000,2607585000
2021-12-31,BRL,-1456446000,2922334000,4378780000,4378780000,-3518772000,807368000,None,915428000,None,260324000,914945000,521022000,None,None,None,382160000,-4546968000,-32143000,None,-2809322000,None,-3518772000,-3136612000,-4514825000
2021-09-30,BRL,-230392000,1915051000,2145443000,2145443000,-752452000,777932000,None,402795000,None,-495976000,1896525000,506500000,None,None,None,319015000,-2719610000,-192884000,None,-2526726000,None,-633187000,-314172000,-2526725000
2021-06-30,BRL,-503905000,1028372000,1532277000,1532277000,-810249000,58489000,None,306344000,None,-484524000,3817000,455280000,None,None,None,298339000,669670000,11635000,None,658035000,None,-810249000,-511910000,642913000
2021-03-31,BRL,-361781000,1567627000,1929408000,1929408000,-522504000,329473000,None,165514000,None,-383396000,1890388000,227323000,None,None,None,336299000,-2484822000,20969000,None,-2505791000,None,-683368000,-347069000,-2528403000
2020-12-31,BRL,-1589848000,1891322000,3481170000,3481170000,269715000,306212000,None,86597000,None,-2820761000,736969000,1389085000,None,None,None,400762000,6867220000,23071000,None,6844149000,None,8256305000,8657067000,16824000
2020-09-30,BRL,15950000,974920000,958970000,958970000,-768024000,423605000,None,783974000,None,-383477000,860624000,442575000,None,None,None,451209000,-1687555000,8370000,None,-1695925000,None,-708926000,-257717000,-1719770000
2020-06-30,BRL,-144158000,357848000,502006000,502006000,-897600000,293633000,None,765213000,None,-571063000,1025994000,369587000,None,None,None,490545000,-1993980000,3101000,None,-1997081000,None,-1107691000,-617146000,-1996913000
2020-03-31,BRL,-2052153000,3803343000,5855496000,5855496000,694677000,296531000,None,174838000,None,153699000,2566867000,443190000,None,None,None,458544000,560533000,124457000,None,-2261609000,None,-2226991000,-1768447000,351709000
2019-12-31,BRL,-2052153000,3803343000,5855496000,5855496000,694677000,759293000,0,174838000,None,-506165000,668370000,443190000,None,0,None,458544000,560533000,124457000,None,436076000,None,-2226991000,-1768447000,351709000
2019-09-30,BRL,901774000,3709937000,2808163000,2808163000,607308000,574089000,0,294466000,None,-177181000,727195000,325282000,None,0,None,448635000,-177477000,-6357000,None,-171120000,None,755409000,1204044000,-242052000
2019-06-30,BRL,677887000,3140616000,2462729000,2462729000,318878000,241472000,0,364063000,None,-463435000,364414000,308375000,None,0,None,415226000,-99226000,21598000,None,-120824000,None,166476000,581702000,-194623000
2019-03-31,BRL,693800000,3210900000,2517100000,2517100000,506200000,400998000,0,187600000,None,-401100000,345099000,296082000,None,0,None,405577000,105100000,69900000,None,35200000,None,506200000,911777000,-32300000
2018-12-31,BRL,274896000,3200854000,2925958000,2925958000,672362000,857497.47,0,-377007000,None,None,None,187387000,None,0,None,178668000,654804000,74528000,None,658756.02,None,750200000,928868000,502407000
2018-09-30,BRL,308000000,2892400000,2584400000,2584400000,180500000,277207000,0,127600000,None,None,None,184700000,None,0,None,174200000,-205400000,103500000,None,-76865185.04,None,73300000,247500000,-409200000
2018-06-30,BRL,387065000,2353828000,1966763000,1966763000,42806000,188755000,0,448194000,None,None,None,173559000,None,0,None,165080000,-1218437000,53516000,None,-325058267.31,None,-13748000,151332000,-1325982000
2018-03-31,BRL,740200000,2978300000,2238100000,2238100000,388000000,742695000,0,352400000,None,None,None,153600000,None,None,None,143554000,-34600000,-98400000,None,66693947.81,None,315400000,458954000,5700000
2017-12-31,BRL,740200000,2978300000,2238100000,2238100000,388000000,742695000,0,352400000,None,None,None,153600000,None,None,None,143554000,-34600000,-98400000,None,-1155114000,None,315400000,458954000,5700000
2017-09-30,BRL,599400000,2718000000,2118600000,2118600000,323100000,313295000,0,276400000,None,None,None,168108000,None,None,None,136307000,351900000,-136100000,None,2405020000,None,323000000,459307000,327600000
2017-06-30,BRL,421386000,2233998000,1812612000,1812612000,25400000,190183000,0,400920000,None,None,None,165388000,None,None,None,118956000,-399879000,6448000,None,-1104382000,None,-12385000,106571000,-474550000
2017-03-31,BRL,222764000,2664034000,2441270000,2441270000,198213000,546762000,0,35451000,None,None,None,173902000,None,None,None,121910000,34655000,64838000,None,232685000,None,168823000,290733000,-104777000
2016-12-31,BRL,222764000,2664034000,2441270000,2441270000,198213000,546762000,0,35451000,None,None,None,173902000,None,None,None,121910000,34655000,64838000,None,1071196000,None,168823000,290733000,-104777000
2016-09-30,BRL,597889000,2401419000,1803530000,1803530000,232566000,186762000,0,368812000,None,None,None,197140000,None,None,None,100844000,131702000,65799000,None,93504000,None,176031000,276875000,-885000
2016-06-30,BRL,251000000,2089000000,1838000000,1838000000,-171000000,173000000,0,428000000,None,None,None,178000000,None,None,None,110000000,372000000,62000000,None,-62336000,None,-246000000,-136000000,253000000
2016-03-31,BRL,-109367000,2652057000,2761424000,2761424000,-95342000,519694000,0,32991000,None,None,None,70777000,None,None,None,117046000,-806024000,324010000,None,0,None,-705661000,-588615000,-1181603000
2015-12-31,BRL,-109367000,2652057000,2761424000,2761424000,-95342000,519694000,0,32991000,None,None,None,70777000,None,None,None,117046000,-806024000,324010000,None,-4291240000,None,-705661000,-588615000,-1181603000
2015-09-30,BRL,470644000,2489645000,2019001000,2019001000,8863000,168051000,0,461059000,None,None,None,323834000,None,None,None,104742000,-1693707000,439856000,None,0,None,70742000,175484000,-2178813000
2015-06-30,BRL,137643000,2131073000,1993430000,1993430000,-251141000,162399000,0,387360000,None,None,None,192986000,None,None,None,97478000,-234660000,120262000,None,0,None,-260031000,-162553000,-395912000
2015-03-31,BRL,543100000,2729800000,2186700000,2186700000,170700000,467734000,0,372100000,None,None,None,167000000,None,None,None,94113000,-552600000,78400000,None,0,None,148800000,242913000,-668400000
2014-12-31,BRL,543100000,2729800000,2186700000,2186700000,170700000,467734000,0,372100000,None,None,None,167000000,None,None,None,94113000,-552600000,78400000,None,-1117281000,None,148800000,242913000,-668400000
2014-09-30,BRL,491978000,2461692000,1969714000,1969714000,151958000,144800000,0,339257000,None,None,None,155309000,None,None,None,109622000,-282925000,-37797000,None,0,None,88972000,198594000,-272381000
2014-06-30,BRL,312002000,2381289000,2069287000,2069287000,37848000,174117000,0,273193000,None,None,None,132899000,None,None,None,124309000,-67847000,77133000,None,0,None,26087000,150396000,-174178000
2014-03-31,BRL,509176000,2728210000,2219034000,2219034000,162858000,377176000,0,346318000,None,None,None,145076000,None,None,None,180501000,-37665000,-18361000,None,0,None,23653000,204154000,-19304000
2013-12-31,BRL,509176000,2728210000,2219034000,2219034000,162858000,377176000,0,346318000,None,None,None,145076000,None,None,None,180501000,-37665000,-18361000,None,-724590000,None,23653000,204154000,-19304000
2013-09-30,BRL,333803000,2230501000,1896698000,1896698000,37035000,162323000,0,296768000,None,None,None,142250000,None,None,None,153310000,-149751000,47290000,None,0,None,-7513000,145797000,-223957000
2013-06-30,BRL,194978000,1914825000,1719847000,1719847000,-35078000,108140000,0,230057000,None,None,None,214089000,None,None,None,116230000,-460057000,-27103000,None,0,None,-35078000,81152000,-449521000
2013-03-31,BRL,40243000,2119495000,2079252000,2079252000,-357573000,267674000,0,120833000,None,None,None,118940000,None,None,None,147472000,-485527000,-38445000,None,0,None,-353326000,-205854000,-447082000
2012-12-31,BRL,40243000,2119495000,2079252000,2079252000,-357573000,267674000,0,120833000,None,None,None,118940000,None,None,None,147472000,-485527000,-38445000,None,0,None,-353326000,-205854000,-447082000
2012-09-30,BRL,63755000,1987338000,1923583000,1923583000,-200656000,94900000,0,264411000,None,None,None,160499000,None,None,None,121117000,-278372000,30980000,None,0,None,-111572000,9545000,-309352000
2012-06-30,BRL,-90583000,1830658000,1921241000,1921241000,-354645000,87204000,0,264062000,None,None,None,225638000,None,None,None,132060000,-804969000,-89896000,None,0,None,-579331000,-447271000,-715073000
2012-03-31,BRL,1414424000,2233548000,819124000,819124000,-33900000,1244103000,0,1448324000,None,None,None,201125000,None,None,None,124320000,-104162000,-158431000,None,0,None,344019000,468339000,54269000
2011-12-31,BRL,1414424000,2233548000,819124000,819124000,-33900000,1244103000,0,1448324000,None,None,None,201125000,None,None,None,124320000,-104162000,-158431000,None,0,None,344019000,468339000,54269000
2011-09-30,BRL,229173000,1843698000,1614525000,1614525000,-75059000,122263000,0,304232000,None,None,None,228956000,None,None,None,90663000,-647880000,-131380000,None,0,None,57479000,148142000,-516500000
2011-06-30,BRL,-1560000,1566341000,1567901000,1567901000,-270814000,83256000,0,269254000,None,None,None,149523000,None,None,None,90667000,-357840000,863000,None,0,None,-208317000,-117650000,-358703000
2011-03-31,BRL,1346004000,1869842000,523838000,523838000,261907000,439459000,0,620463000,None,None,None,43149000,None,None,None,74221000,217860000,85648000,None,0,None,174711000,248932000,132212000
2010-12-31,BRL,1346004000,1869842000,523838000,523838000,261907000,439459000,0,620463000,None,None,None,43149000,None,None,None,74221000,217860000,85648000,None,0,None,174711000,248932000,132212000
2010-09-30,BRL,1178014000,1788935000,610921000,610921000,187199000,408727000,0,562693000,None,None,None,139030000,None,None,None,63562000,166891000,56921000,None,0,None,305921000,369483000,109970000
2010-06-30,BRL,1082560000,1590854000,508294000,508294000,533200000,380875000,0,549360000,None,None,None,293549000,None,None,None,80061000,-55934000,-4027000,None,0,None,237924000,317985000,-51907000
2010-03-31,BRL,1156840000,1617649000,460809000,460809000,119165000,455414000,0,575939000,None,None,None,67248000,None,None,None,26446000,46447000,-351377000,None,0,None,2709000,29155000,397824000
2009-12-31,BRL,1156840000,1617649000,460809000,460809000,119165000,455414000,0,575939000,None,None,None,67248000,None,None,None,26446000,46447000,-351377000,None,0,None,2709000,29155000,397824000
2009-09-30,BRL,1097647000,1496657000,399010000,399010000,99087000,363011000,0,512080000,None,None,None,73073000,None,None,None,47245000,157576000,79691000,None,0,None,121145000,168390000,77885000
2009-06-30,BRL,1039317000,1394040000,354723000,354723000,89949000,371950000,0,490986000,None,None,None,57694000,None,None,None,32465000,459885000,106196000,None,0,None,153076000,185541000,353689000
2009-03-31,BRL,3626881000,1614032000,-2012849000,-2012849000,274785000,763479087,0,1299552000,None,None,None,605002000,None,None,None,20236000,-543658000,-69571000,None,0,None,-226024000,-205788000,-474087000
2008-12-31,BRL,3626881000,1614032000,-2012849000,-2012849000,274785000,763479087,0,1299552000,None,None,None,605002000,None,None,None,20236000,-543658000,-69571000,None,0,None,-226024000,-205788000,-474087000
2008-09-30,BRL,286477000,1725586000,1439109000,1439109000,-28822000,315299000,0,315299000,None,None,None,551164000,None,None,None,-7010000,-398269000,76126000,None,0,None,179913000,172903000,-474395000
2008-06-30,BRL,761254000,1464863000,703609000,703609000,-299228000,387653000,0,565464000,None,None,None,25476000,None,None,None,168318101,-228942000,-57237000,None,0,None,-197176000,-28857899,-171705000
2008-03-31,BRL,106219800,1429620280,1323400480,1323400480,-4293480820,40706740,0,4399700620,None,None,None,19383000,None,None,None,203028640,-74496520,-49837920,None,0,None,-4304828140,-4101799500,-24658600
2007-12-31,BRL,106219800,1429620280,1323400480,1323400480,-4293480820,40706740,0,4399700620,None,None,None,19383000,None,None,None,203028640,-74496520,-49837920,None,0,None,-4304828140,-4101799500,-24658600
2007-09-30,BRL,140583360,1308153520,1167570160,1167570160,-340644720,313289440,0,481228080,None,None,None,33194000,None,None,None,-23491818,62569200,16894880,None,0,None,-280080582,-303572400,45674320
2007-06-30,BRL,93541968,1149954894,1056412926,1056412926,-300049614,291754332,0,393591582,None,None,None,40644000,None,None,None,-29623584,-48388824,-13065984,None,0,None,-150081846,-179705430,-35322840
2007-03-31,BRL,210424962,1033905180,823480218,823480218,-163510182,225252324,0,373935144,None,None,None,27024000,None,None,None,-28343238,158571138,42814596,None,0,None,-75489216,-103832454,115756542
2006-12-31,BRL,216325843,983637826,767311983,767311983,-2394881929,208996643,0,2611207772,None,None,None,19925000,None,None,None,114936565,128678776,40867673,None,0,None,-2389950218,-2275013653,87811103
2006-09-30,BRL,373611732,1093982097,720370365,720370365,21571056,246197913,0,352040676,None,None,None,24878000,None,None,None,-17183155.75,256638252,64700142,None,0,None,61940491.75,44757336,191938110
2006-06-30,BRL,277344309,843748012.25,566403703.25,566403703.25,14251586.25,208670492.25,0,263092722.75,None,None,None,25805000,None,None,None,-15872635.25,160797282.25,54147370.75,None,0,None,74580080.75,58707445.50,106649911.50
2006-03-31,BRL,353037237,865633109.40,512595872.40,512595872.40,106637236.80,196751866.40,0,246400000.20,None,None,None,17797000,None,None,None,-12567774,249384575.20,69048956.60,None,0,None,172781930.60,160214156.60,180335618.60
2005-12-31,BRL,278388275.90,821170406.30,542782130.40,542782130.40,-1475823256.65,139562679.15,0,1754211532.55,None,None,None,3850000,None,None,None,59119587.95,196762796.70,26171211.25,None,0,None,-1356586507.90,-1297466919.95,170591585.45
2005-09-30,BRL,243886072.05,696633903.90,452747831.85,452747831.85,19206164.25,166759270.65,0,224679907.80,None,None,None,2627000,None,None,None,-8439757.95,209910378.60,71725970.25,None,0,None,661761.30,-7777996.65,138184408.35
2005-06-30,BRL,137876177.50,565274616.50,427398439,427398439,-73402504.50,163259941,0,211278682,None,None,None,2627000,None,None,None,-8381655,110707120,36924414,None,0,None,-87275625.50,-95657280.50,73782706
2005-03-31,BRL,276631240,623019809,346388569,346388569,-891399115,110185550,0,1168030355,None,None,None,1804000,None,None,None,46098184,189558792,66027019,None,0,None,-899952806,-853854622,123531773
2004-12-31,BRL,276631240,623019809,346388569,346388569,-891399115,110185550,0,1168030355,None,None,None,1875000,None,None,None,46098184,189558792,66027019,None,0,None,-899952806,-853854622,123531773
2004-09-30,BRL,207403296,518013633,310610337,310610337,37773108,131496846,0,169630188,None,None,None,1798000,None,None,None,-5488602,146903997,49858101,None,0,None,59274969,53786367,97045896
2004-06-30,BRL,112873262,385415456,272542194,272542194,-43327030,116295447,0,156200292,None,None,None,900000,None,None,None,-4773842,113006433,39799547,None,-31168000,None,-56918398,-61692240,73206886
2004-03-31,BRL,166149170,434043500,267894330,267894330,22559185,115314485,0,143589985,None,None,None,492000,None,None,None,-4535740,137698770,46844050,None,31168000,None,28409590,23873850,90854720
2003-12-31,BRL,188012000,145992000,86176000,86176000,39326000,19434000,0,0,None,None,None,1051000,None,None,None,None,34600000,11412000,None,0,None,0,None,23188000
2003-09-30,BRL,0,132132000,63480000,63480000,49518000,17018000,0,0,None,None,None,693000,None,None,None,None,48900000,16896000,None,0,None,0,None,32004000
