fiscalDateEnding,reportedCurrency,grossProfit,totalRevenue,costOfRevenue,costofGoodsAndServicesSold,operatingIncome,sellingGeneralAndAdministrative,researchAndDevelopment,operatingExpenses,investmentIncomeNet,netInterestIncome,interestIncome,interestExpense,nonInterestIncome,otherNonOperatingIncome,depreciation,depreciationAndAmortization,incomeBeforeTax,incomeTaxExpense,interestAndDebtExpense,netIncomeFromContinuingOperations,comprehensiveIncomeNetOfTax,ebit,ebitda,netIncome
2023-09-30,USD,376183000,867710000,491527000,491527000,205014000,29394000,None,171171000,None,-67818000,15108000,82926000,None,None,None,16975000,214555000,27179000,None,187376000,None,205014000,221989000,187375000
2023-06-30,USD,361573000,809190000,447617000,447617000,194667000,31158000,None,166905000,None,-18547000,152308000,30517000,None,None,None,12895000,43284000,25775000,None,17509000,None,194667000,207562000,17509000
2023-03-31,USD,365751000,867265000,501514000,501514000,193212000,33228000,None,172537000,None,-15523000,8842000,24365000,None,None,None,10077000,142192000,20671000,None,121521000,None,193212000,203289000,121521000
2022-12-31,USD,393048000,890612000,497564000,497564000,219657000,36492000,None,173391000,None,-15975000,109840000,23388000,None,None,None,8635000,111039000,22758000,None,88281000,None,219657000,228292000,88280000
2022-09-30,USD,310034000,809445000,499411000,499411000,143692000,30363000,None,166341000,None,-17982000,4546000,22528000,None,None,None,8775000,128179000,12241000,None,115938000,None,143692000,152467000,115939000
2022-06-30,USD,198726000,693395000,494669000,494669000,42261000,56222000,None,156464000,None,-17744000,3526000,21270000,None,None,None,809000,128636000,4560000,None,124076000,None,42261000,43070000,124076000
2022-03-31,USD,286789000,574995000,288206000,288206000,154989000,46033000,None,131799000,None,-17900000,2545000,18994000,None,None,None,-10017000,125978000,11616000,None,19759000,None,166419000,156402000,114363000
2021-12-31,USD,286789000,574995000,288206000,288206000,154989000,155517000,None,131799000,None,-16423000,27853000,18994000,None,None,None,-10017000,125978000,11616000,None,114362000,None,166419000,156402000,114363000
2021-09-30,USD,174006000,444999000,270993000,270993000,59010000,130993000,None,114997000,None,-15936000,50648000,18615000,None,None,None,1107000,6790000,-1453000,None,8243000,None,59010000,60117000,8242000
2021-06-30,USD,94230000,304258000,210028000,210028000,8736000,28441000,None,85493000,None,-15880000,2745000,18625000,None,None,None,3162000,27935000,-138000,None,28073000,None,8736000,11898000,28073000
2021-03-31,USD,-38560000,158636000,197196000,197196000,-95057000,21652000,None,56496000,None,-14965000,2853000,18360000,None,None,None,4597000,-186535000,-17731000,None,-110733000,None,-95057000,-90460000,-168805000
2020-12-31,USD,-38560000,158636000,197196000,197196000,-95057000,18646000,None,56496000,None,-14789000,3571000,18360000,None,None,None,4597000,-186535000,-17731000,None,-168804000,None,-95057000,-90460000,-168805000
2020-09-30,USD,-86342000,32382000,118724000,118724000,-106966000,5985000,None,20626000,None,9509000,8649000,16264000,None,None,None,1764000,-118245000,-188000,None,267961000,None,-106966000,-105202000,-118057000
2020-06-30,USD,-336895000,14532000,351427000,351427000,-357875000,38257000,None,20980000,None,-16614000,43077000,27056000,None,None,None,6125000,-400504000,-14486000,None,-460292000,None,-357875000,-351750000,-386018000
2020-03-31,USD,262663000,681928000,419265000,419265000,17804000,147542000,None,155513000,None,-4765000,15715000,17154000,None,None,None,70469000,8356000,5629000,None,74274000,None,41979000,112448000,2728000
2019-12-31,USD,262663000,681928000,419265000,419265000,17804000,147542000,None,155513000,None,-10865000,8458000,17154000,None,None,None,70469000,8356000,5629000,None,2727000,None,41979000,112448000,2728000
2019-09-30,USD,287497000,708210000,420713000,420713000,132876000,4863000,None,154621000,None,957000,16216000,12696000,None,None,None,2327000,116309000,12332000,None,53111000,None,136319000,138646000,103978000
2019-06-30,USD,232277000,645102000,412825000,412825000,82601000,136582000,None,149677000,None,-7532000,9745000,13573000,None,None,None,70549000,70742000,19876000,None,50866000,None,15979000,86528000,50866000
2019-03-31,USD,247995000,656063000,408068000,408068000,-129724000,33130000,None,189094000,None,-8056000,14016000,9151000,None,None,None,39831000,-151944000,4063000,None,89432000,None,24687000,64518000,-156007000
2018-12-31,USD,247995000,656063000,408068000,408068000,-129724000,33130000,0,189094000,None,None,None,9151000,None,None,None,39831000,-151944000,4063000,None,-156009000,None,24687000,64518000,-156007000
2018-09-30,USD,261782000,672404000,410622000,410622000,74292000,33105000,0,187491000,None,None,None,8954000,None,None,None,44435000,69035000,11298000,None,57737000,None,36125000,80560000,57737000
2018-06-30,USD,233953000,634136000,400183000,400183000,57076000,32968000,0,176877000,None,None,None,9181000,None,None,None,43261000,57237000,7343000,None,49894000,None,19574000,62835000,49894000
2018-03-31,USD,302287000,675577000,373290000,373290000,120392000,33313000,0,181897000,None,None,None,8725000,None,None,None,42151000,111057000,10212000,None,136473000,None,82768000,124919000,100844000
2017-12-31,USD,302287000,675577000,373290000,373290000,120392000,33313000,0,181897000,None,None,None,8725000,None,None,None,42151000,111057000,10212000,None,-465608000,None,82768000,124919000,100844000
2017-09-30,USD,296993000,657169000,360176000,360176000,119128000,33382000,0,177865000,None,None,None,8639000,None,None,None,41847000,118212000,14416000,None,1284204000,None,81465000,123312000,103796000
2017-06-30,USD,254856000,578088000,323232000,323232000,82960000,33614000,0,171896000,None,None,None,8938000,None,None,None,40572000,75399000,12401000,None,-550887000,None,46447000,87019000,62997000
2017-03-31,USD,208873000,601303000,392430000,392430000,71150000,28917000,0,137724000,None,None,None,8894000,None,None,None,54548000,98915000,3071000,None,102314000,None,53261000,107809000,95844000
2016-12-31,USD,208873000,601303000,392430000,392430000,71150000,28917000,0,137724000,None,None,None,8894000,None,None,None,54548000,98915000,3071000,None,334544000,None,53261000,107809000,95844000
2016-09-30,USD,208090000,569025000,360935000,360935000,77191000,30282000,0,130900000,None,None,None,9683000,None,None,None,35525000,86672000,12654000,None,0,None,60830000,96355000,74018000
2016-06-30,USD,161513000,494449000,332936000,332936000,34183000,30833000,0,127330000,None,None,None,9147000,None,None,None,34815000,60299000,5772000,None,0,None,34631000,69446000,54527000
2016-03-31,USD,182529000,532601000,350072000,350072000,39077000,31530000,0,143452000,None,None,None,8922000,None,None,None,34084000,12895000,10970000,None,0,None,-12267000,21817000,1925000
2015-12-31,USD,182529000,532601000,350072000,350072000,39077000,31530000,0,143452000,None,None,None,8922000,None,None,None,34084000,12895000,10970000,None,-224974000,None,-12267000,21817000,1925000
2015-09-30,USD,184957000,547247000,362290000,362290000,50556000,30409000,0,134401000,None,None,None,8271000,None,None,None,35485000,10413000,4200000,None,0,None,-16801000,18684000,6213000
2015-06-30,USD,173184000,538354000,365170000,365170000,49157000,30034000,0,124028000,None,None,None,8372000,None,None,None,33855000,71231000,7134000,None,0,None,45748000,79603000,64097000
2015-03-31,USD,256416000,670927000,414511000,414511000,118836000,30152000,0,137580000,None,None,None,7940000,None,None,None,31512000,35409000,-516000,None,0,None,11837000,43349000,35925000
2014-12-31,USD,256416000,670927000,414511000,414511000,118836000,30152000,0,137580000,None,None,None,7940000,None,None,None,31512000,35409000,-516000,None,361669000,None,11837000,43349000,35925000
2014-09-30,USD,242541000,663693000,421152000,421152000,111060000,28082000,0,131479000,None,None,None,7603000,None,None,None,28070000,71648000,5667000,None,0,None,51181000,79251000,65980000
2014-06-30,USD,262207000,673561000,411354000,411354000,131192000,28534000,0,131016000,None,None,None,6876000,None,None,None,27744000,132008000,13836000,None,0,None,111140000,138884000,118172000
2014-03-31,USD,297254000,697771000,400517000,400517000,130675000,24617000,0,135416000,None,None,None,7447000,None,None,None,27082000,123110000,9189000,None,0,None,134637000,161719000,113921000
2013-12-31,USD,297254000,697771000,400517000,400517000,130675000,24617000,0,135416000,None,None,None,7447000,None,None,None,27082000,123110000,9189000,None,427471000,None,134637000,161719000,113921000
2013-09-30,USD,280044000,677279000,397235000,397235000,147492000,23540000,0,132552000,None,None,None,7513000,None,None,None,26576000,153807000,27798000,None,0,None,134744000,161320000,126009000
2013-06-30,USD,218275000,591998000,373723000,373723000,97689000,22124000,0,120587000,None,None,None,7560000,None,None,None,26866000,82354000,7912000,None,0,None,73664000,100530000,74441000
2013-03-31,USD,218493000,599840000,381347000,381347000,104269000,19472000,0,114223000,None,None,None,8130000,None,None,None,24446000,96845000,10222000,None,0,None,80529000,104975000,86623000
2012-12-31,USD,218493000,599840000,381347000,381347000,104269000,19472000,0,114223000,None,None,None,8130000,None,None,None,24446000,96845000,10222000,None,0,None,80529000,104975000,86623000
2012-09-30,USD,292567000,590448000,297881000,297881000,133651000,112384000,0,158916000,None,None,None,8124000,None,None,None,23031000,122951000,11033000,None,0,None,136886000,159917000,111918000
2012-06-30,USD,239535000,515843000,276308000,276308000,90349000,106700000,0,149186000,None,None,None,8583000,None,None,None,21214000,35796000,3790000,None,0,None,93090000,114304000,32006000
2012-03-31,USD,220851000,502521000,281670000,281670000,135651000,60429000,0,85200000,None,None,None,8811000,None,None,None,19727000,116454000,12071000,None,0,None,137803000,157530000,104383000
2011-12-31,USD,220851000,502521000,281670000,281670000,135651000,60429000,0,85200000,None,None,None,8811000,None,None,None,19727000,116454000,12071000,None,0,None,137803000,157530000,104383000
2011-09-30,USD,249493000,476825000,227332000,227332000,115818000,95032000,0,133675000,None,None,None,8144000,None,None,None,19350000,74705000,4374000,None,0,None,117613000,136963000,70331000
2011-06-30,USD,214728000,428491000,213763000,213763000,90756000,89578000,0,123972000,None,None,None,7801000,None,None,None,18564000,51063000,9800000,None,0,None,92331000,110895000,41263000
2011-03-31,USD,205163000,414213000,209050000,209050000,129605000,84708000,0,75558000,None,None,None,7655000,None,None,None,23579000,121235000,-560000,None,0,None,154872000,178451000,121795000
2010-12-31,USD,205163000,414213000,209050000,209050000,129605000,84708000,0,75558000,None,None,None,7655000,None,None,None,23579000,121235000,-560000,None,0,None,154872000,178451000,121795000
2010-09-30,USD,197181000,362001000,164820000,164820000,87305000,60357000,0,109876000,None,None,None,7772000,None,None,None,13553000,73092000,9170000,None,0,None,88490000,102043000,63922000
2010-06-30,USD,147583000,303401000,155818000,155818000,49305000,72915000,0,98278000,None,None,None,7482000,None,None,None,13203000,22039000,3425000,None,0,None,50454000,63657000,18614000
2010-03-31,USD,219432000,335191000,115759000,115759000,94964000,81907000,0,124468000,None,None,None,7072000,None,None,None,12627000,43657000,6931000,None,0,None,72122000,84749000,36726000
2009-12-31,USD,254883000,342956000,88073000,88073000,105400000,106283000,0,149483000,None,None,None,6840000,None,None,None,11259000,78129000,7686000,None,0,None,61674000,72933000,70443000
2009-09-30,USD,178106000,323736000,145630000,145630000,77044000,55052000,0,101062000,None,None,None,7949000,None,None,None,11926000,46307000,3168000,None,0,None,79261000,91187000,43139000
2009-06-30,USD,173549000,277639000,104090000,104090000,59725000,74241000,0,113824000,None,None,None,8520000,None,None,None,11966000,58277000,3115000,None,0,None,39195000,51161000,55162000
2009-03-31,USD,353027000,346058000,-6969000,-6969000,177231000,138068000,0,175796000,None,None,None,30305000,None,None,None,11326000,26499000,8113000,None,0,None,96427000,107753000,18386000
2008-12-31,USD,353027000,346058000,-6969000,-6969000,177231000,138068000,0,175796000,None,None,None,30305000,None,None,None,11326000,26499000,8113000,None,0,None,96427000,107753000,18386000
2008-09-30,USD,164760000,348916000,184156000,184156000,71534000,49295000,0,93226000,None,None,None,9994000,None,None,None,11132000,32088000,1745000,None,0,None,74437000,85569000,30343000
2008-06-30,USD,136731000,297929000,161198000,161198000,45242000,47058000,0,91489000,None,None,None,9331000,None,None,None,10433000,33938000,3507000,None,0,None,47837000,58270000,30431000
2008-03-31,USD,23186000,284586000,261400000,261400000,-639353000,20668000,0,662539000,None,None,None,10980000,None,None,None,9822000,40583000,5058000,None,0,None,-601536000,-591714000,35525000
2007-12-31,USD,23186000,284586000,261400000,261400000,-639353000,20668000,0,662539000,None,None,None,11983000,None,None,None,9822000,40583000,5058000,None,0,None,-601536000,-591714000,35525000
2007-09-30,USD,122350000,264634000,142284000,142284000,47762000,58408000,0,74588000,None,None,None,11524000,None,None,None,9056000,50670000,3848000,None,0,None,50023000,59079000,46822000
2007-06-30,USD,61464000,237351000,175887000,175887000,-489273000,18819000,0,550737000,None,None,None,29150000,None,None,None,3879000,44987000,3491000,None,0,None,-490628000,-486749000,41496000
2007-03-31,USD,133276000,242750000,109474000,109474000,59933000,68571000,0,73343000,None,None,None,9848000,None,None,None,7995000,52927000,4361000,None,0,None,61030000,69025000,48566000
2006-12-31,USD,61464000,237351000,175887000,175887000,-489273000,18819000,0,550737000,None,None,None,29150000,None,None,None,3879000,44987000,3491000,None,0,None,-490628000,-486749000,41496000
2006-09-30,USD,92908000,230618000,137710000,137710000,21191000,51644000,0,71717000,None,None,None,7691000,None,None,None,6497000,40212000,2972000,None,0,None,20472000,26969000,37240000
2006-06-30,USD,86317000,191465000,105148000,105148000,23716000,60265000,0,62601000,None,None,None,6698000,None,None,None,5502000,24621000,1757000,None,0,None,22984000,28486000,22864000
2006-03-31,USD,60942000,179645000,118703000,118703000,-336688000,35336000,0,397630000,None,None,None,21629000,None,None,None,34701000,18987000,1334000,None,0,None,-334111000,-299410000,17653000
2005-12-31,USD,60942000,179645000,118703000,118703000,-336688000,35336000,0,397630000,None,None,None,21629000,None,None,None,34701000,18987000,1334000,None,0,None,-334111000,-299410000,17653000
2005-09-30,USD,63650000,177947000,114297000,114297000,-1301000,33514000,0,64951000,None,None,None,5733000,None,None,None,4948000,31172000,3497000,None,0,None,-1301000,3647000,27675000
2005-06-30,USD,137374000,137374000,93252000,93252000,137374000,10516000,0,117000000,None,None,None,5152000,None,None,None,None,17986000,-15111000,None,0,None,0,137374000,15111000
2005-03-31,USD,113608000,113608000,68584000,68584000,113608000,7481000,0,88000000,None,None,None,4557000,None,None,None,None,24446000,-22560000,None,0,None,0,113608000,22560000
2004-12-31,USD,37826000,106671000,68845000,68845000,16141000,7615000,0,0,None,None,None,4397000,None,None,None,None,12948000,1069000,None,0,None,0,None,11879000
2004-09-30,USD,0,106060000,76029000,76029000,25370000,0,0,0,None,None,None,4204000,None,None,None,None,22967000,1830000,None,0,None,0,None,21137000
2004-06-30,USD,0,187106000,136267000,136267000,42132000,0,0,0,None,None,None,7872000,None,None,None,None,38389000,2833000,None,0,None,0,None,35556000
2003-12-31,USD,75908000,341789000,265881000,265881000,61868000,27681000,0,0,None,None,None,11613000,None,None,None,None,52133000,3644000,None,0,None,0,None,48489000
